%% This BibTeX bibliography file was created using BibDesk.
%% http://bibdesk.sourceforge.net/


%% Created for Chloe Desdouits at 2012-04-10 14:02:47 +0200 


%% Saved with string encoding Unicode (UTF-8) 


@comment{x-kbibtex-personnameformatting=<%l><, %f>}



@article{naimi1988,
	Author = {Mohamed Naimi and Michel Trehel},
	Date-Added = {2012-04-10 12:02:08 +0000},
	Date-Modified = {2012-04-10 12:02:47 +0000},
	Journal = {Distributed Algorithms},
	Pages = {155--166},
	Publisher = {Springer},
	Title = {How to detect a failure and regenerate the token in the log (n) distributed algorithm for mutual exclusion},
	Year = {1988}}

@article{sopena2005,
	Author = {Sopena, J. and Arantes, L. and Bertier, M. and Sens, P.},
	Date-Added = {2012-04-05 13:52:32 +0000},
	Date-Modified = {2012-04-05 13:53:37 +0000},
	Journal = {Euro-Par 2005 Parallel Processing},
	Pages = {644--644},
	Publisher = {Springer},
	Title = {A fault-tolerant token-based mutual exclusion algorithm using a dynamic tree},
	Year = {2005},
	Bdsk-File-1 = {YnBsaXN0MDDUAQIDBAUIJidUJHRvcFgkb2JqZWN0c1gkdmVyc2lvblkkYXJjaGl2ZXLRBgdUcm9vdIABqAkKFRYXGyIjVSRudWxs0wsMDQ4RFFpOUy5vYmplY3RzV05TLmtleXNWJGNsYXNzog8QgASABqISE4ACgAOAB1lhbGlhc0RhdGFccmVsYXRpdmVQYXRo0hgNGRpXTlMuZGF0YU8RAdQAAAAAAdQAAgAADE1hY2ludG9zaCBIRAAAAAAAAAAAAAAAAAAAAMrQqfBIKwAAAGhX9A5zb3BlbmEyMDA1LnBkZgAAAAAAAAAAAAAAAAAAAAAAAAAAAAAAAAAAAAAAAAAAAAAAAAAAAAAAAAAAAAAAAAAAaFpdy6NwagAAAAAAAAAAAAEAAgAACSAAAAAAAAAAAAAAAAAAAAAIQXJ0aWNsZXMAEAAIAADK0I3QAAAAEQAIAADLo1RKAAAAAQAkAGhX9ABP/r8AT/4QAD2szQARB7cAEPRrAA4RbwANuZsADbmYAAIAWE1hY2ludG9zaCBIRDpVc2VyczoAQ2xvOgBEb2N1bWVudHM6AEZhYzoATTE6AFMyOgBtb2NhOgBmbWluMjEyOgBBcnRpY2xlczoAc29wZW5hMjAwNS5wZGYADgAeAA4AcwBvAHAAZQBuAGEAMgAwADAANQAuAHAAZABmAA8AGgAMAE0AYQBjAGkAbgB0AG8AcwBoACAASABEABIAQlVzZXJzL0Nsby9Eb2N1bWVudHMvRmFjL00xL1MyL21vY2EvZm1pbjIxMi9BcnRpY2xlcy9zb3BlbmEyMDA1LnBkZgATAAEvAAAVAAIACv//AACABdIcHR4fWCRjbGFzc2VzWiRjbGFzc25hbWWjHyAhXU5TTXV0YWJsZURhdGFWTlNEYXRhWE5TT2JqZWN0XnNvcGVuYTIwMDUucGRm0hwdJCWiJSFcTlNEaWN0aW9uYXJ5EgABhqBfEA9OU0tleWVkQXJjaGl2ZXIACAARABYAHwAoADIANQA6ADwARQBLAFIAXQBlAGwAbwBxAHMAdgB4AHoAfACGAJMAmACgAngCegJ/AogCkwKXAqUCrAK1AsQCyQLMAtkC3gAAAAAAAAIBAAAAAAAAACgAAAAAAAAAAAAAAAAAAALw}}

@article{naimi1996,
	Author = {Naimi, M. and Trehel, M. and Arnold, A.},
	Date-Added = {2012-04-05 13:50:54 +0000},
	Date-Modified = {2012-04-05 13:51:32 +0000},
	Journal = {Journal of Parallel and Distributed Computing},
	Number = {1},
	Pages = {1--13},
	Publisher = {New York, NY: Academic Press, c1984-},
	Title = {A log (N) distributed mutual exclusion algorithm based on path reversal},
	Volume = {34},
	Year = {1996},
	Bdsk-File-1 = {YnBsaXN0MDDUAQIDBAUIJidUJHRvcFgkb2JqZWN0c1gkdmVyc2lvblkkYXJjaGl2ZXLRBgdUcm9vdIABqAkKFRYXGyIjVSRudWxs0wsMDQ4RFFpOUy5vYmplY3RzV05TLmtleXNWJGNsYXNzog8QgASABqISE4ACgAOAB1lhbGlhc0RhdGFccmVsYXRpdmVQYXRo0hgNGRpXTlMuZGF0YU8RAdIAAAAAAdIAAgAADE1hY2ludG9zaCBIRAAAAAAAAAAAAAAAAAAAAMrQqfBIKwAAAGhX9A1uYWltaTE5OTYucGRmAAAAAAAAAAAAAAAAAAAAAAAAAAAAAAAAAAAAAAAAAAAAAAAAAAAAAAAAAAAAAAAAAAAAXhvYy49u+wAAAAAAAAAAAAEAAgAACSAAAAAAAAAAAAAAAAAAAAAIQXJ0aWNsZXMAEAAIAADK0I3QAAAAEQAIAADLj2DrAAAAAQAkAGhX9ABP/r8AT/4QAD2szQARB7cAEPRrAA4RbwANuZsADbmYAAIAV01hY2ludG9zaCBIRDpVc2VyczoAQ2xvOgBEb2N1bWVudHM6AEZhYzoATTE6AFMyOgBtb2NhOgBmbWluMjEyOgBBcnRpY2xlczoAbmFpbWkxOTk2LnBkZgAADgAcAA0AbgBhAGkAbQBpADEAOQA5ADYALgBwAGQAZgAPABoADABNAGEAYwBpAG4AdABvAHMAaAAgAEgARAASAEFVc2Vycy9DbG8vRG9jdW1lbnRzL0ZhYy9NMS9TMi9tb2NhL2ZtaW4yMTIvQXJ0aWNsZXMvbmFpbWkxOTk2LnBkZgAAEwABLwAAFQACAAr//wAAgAXSHB0eH1gkY2xhc3Nlc1okY2xhc3NuYW1lox8gIV1OU011dGFibGVEYXRhVk5TRGF0YVhOU09iamVjdF1uYWltaTE5OTYucGRm0hwdJCWiJSFcTlNEaWN0aW9uYXJ5EgABhqBfEA9OU0tleWVkQXJjaGl2ZXIACAARABYAHwAoADIANQA6ADwARQBLAFIAXQBlAGwAbwBxAHMAdgB4AHoAfACGAJMAmACgAnYCeAJ9AoYCkQKVAqMCqgKzAsECxgLJAtYC2wAAAAAAAAIBAAAAAAAAACgAAAAAAAAAAAAAAAAAAALt}}
